@misc{EnglishImportant,
  author = {Festallor Education},
  title = {{ความสำคัญของภาษาอังกฤษในด้านต่างๆ}},
  howpublished = "Available at \url{https://www.festallor-edu.com/post/why-english-is-important}",
  year = {2020}, 
  note = "[Online; accessed 23-March-2023]"
}

@misc{RoteLearning,
  author = {รศ.ดร.กฤษมันต์ วัฒนาณรงค์},
  title = {{การเรียนแบบท่องจำ หรือ Rote Learning}},
  howpublished = "Available at \url{https://www.moe.go.th/การเรียนแบบท่องจำ-หรือ-rote-lear/}",
  year = {2010}, 
  note = "[Online; accessed 3-May-2023]"
}

@misc{CAI1,
  author = {นิรุช พรมแก้ว},
  title = {{คอมพิวเตอร์ช่วยสอน CAI}},
  howpublished = "Available at \url{https://sites.google.com/site/bankbbnp/khxmphiwtexr-chwy-sxn-cai}",
  year = {}, 
  note = "[Online; accessed 29-March-2023]"
}

@misc{CAI2,
  author = {ธนิษฐา สมัย และ ปิโยรส เกษตรกาลม์},
  title = {{Share \& Learn: การสอนโดยใช้ Computer Assisted Instruction}},
  howpublished = "Available at \url{https://ns.mahidol.ac.th/english/th/departments/MN/th/km/57/km57_6.html}",
  year = {}, 
  note = "[Online; accessed 29-March-2023]"
}

@misc{GBL,
  author = {นรรัชต์ ฝันเชียร},
  title = {{Games Based Learning หรือ GBL คืออะไร}},
  howpublished = "Available at \url{https://www.trueplookpanya.com/dhamma/content/84436}",
  year = {2020}, 
  note = "[Online; accessed 29-March-2023]"
}

@misc{Figma,
  author = {Patchara Boonmathanaruk},
  title = {{Figma คืออะไร? ทำไมถึงเป็น Tool มาแรงที่สุดในวงการ Design!}},
  howpublished = "Available at \url{https://blog.skooldio.com/figma-ui-design-tool/}",
  year = {2022}, 
  note = "[Online; accessed 20-April-2023]"
}

@misc{DuoCards,
  author = {DuoCards},
  title = {{DuoCards}},
  howpublished = "Available at \url{https://play.google.com/store/apps/details?id=com.duocards.app}",
  year = {2023},
  note = "[Online; accessed 27-March-2023]"
}

@misc{Memrise,
  author = {Memrise},
  title = {{Memrise}},
  howpublished = "Available at \url{https://app.memrise.com}",
  year = {2023},
  note = "[Online; accessed 27-March-2023]"
}

@misc{Duolingo,
  author = {Duolingo},
  title = {{Duolingo}},
  howpublished = "Available at \url{https://www.duolingo.com}",
  year = {2023}, 
  note = "[Online; accessed 27-March-2023]"
}

@mastersthesis{LearnEng,
  author       = {Samnao Sripramong}, 
  title        = {THE STUDY OF THE EFFECT OF USING VOCABULARY GAMES ON THE RETENTION IN LEARNING VOCABULARY OF PRATHOMSUKSA FIVE STUDENTS},
  school       = {Srinakharinwirot University},
  year         = 2004,
  month        = 10,
  note         = "[Online; accessed 27-March-2023]"
}

@misc{Django,
  author = {Sonny},
  title = {{ทำไมต้องใช้ Django}},
  howpublished = "Available at \url{https://stackpython.co/tutorial/django}",
  year = {2021}, 
  note = "[Online; accessed 25-March-2023]"
}

@misc{React,
  author = {designil},
  title = {{React คืออะไร? ไขข้อสงสัยสำหรับมือใหม่ + แนวทางการหัด React ตั้งแต่เริ่มต้น}},
  howpublished = "Available at \url{https://www.designil.com/react-คืออะไร/}",
  year = {2017}, 
  note = "[Online; accessed 25-March-2023]"
}

@misc{Flashcard,
  author = {Chulatutor},
  title = {{Flashcard}},
  howpublished = "Available at \url{https://www.chulatutor.com/blog/flashcard/#.ZFYkv6BByUk}",
  year = {2020}, 
  note = "[Online; accessed 27-March-2023]"
}

@misc{MultiChoices,
  author = {นายแพทย์อานุภาพ เลขะกุล},
  title = {{การสร้างข้อสอบแบบเลือกตอบ (Multiple choice question)}},
  howpublished = "Available at \url{https://des.cda.or.th/home/DownloadFiles?fileName=MCQ_Arnupa.pdf}",
  year = {}, 
  note = "[Online; accessed 27-March-2023]"
}

@misc{SpacedRepetition,
  author = {ดร.ณัฏฐ์ภัทร์ ชาญเชาวน์กุล},
  title = {{ท่องจำตอนไหนดี (Spaced Repetition)}},
  howpublished = "Available at \url{https://kru-mon.com/2017/12/spaced-repetition/}",
  year = {2017}, 
  note = "[Online; accessed 27-March-2023]"
}

@misc{Tailwind,
  author = {Chai Phonbopit},
  title = {{วิธีเริ่มต้นใช้งาน Tailwind CSS ง่ายๆ ผ่าน CDN}},
  howpublished = "Available at \url{https://blog.devahoy.com/blog/tailwind-101-with-cdn}",
  year = {2022}, 
  note = "[Online; accessed 20-May-2023]"
}

@misc{TOEIC,
  author = {นางสาวภมรี ผดุงธรรม},
  title = {{นางสาวภมรี ผดุงธรรม}},
  howpublished = "Available at \url{https://www.janetoeic.co.th/โทอิคคืออะไร/}",
  year = {2023}, 
  note = "[Online; accessed 20-Jun-2023]"
}